@article{chen2024optimal,
  title  = {Optimal Capacity Modification for Many-To-One Matching Problems},
  author = {Jiehua Chen and Gergely Csáji},
  year   = 2024,
  doi    = {10.48550/arXiv.2302.01815}
}

@article{gale1962college,
  title     = {College Admissions and the Stability of Marriage},
  author    = {David Gale and Lloyd S. Shapley},
  year      = 1962,
  journal   = {The American Mathematical Monthly},
  publisher = {Taylor \& Francis},
  volume    = 69,
  number    = 1,
  pages     = {9--15},
  doi       = {10.1080/00029890.1962.11989827},
  issn      = {00029890, 19300972}
}

@article{gale1985some,
  title   = {Some remarks on the stable matching problem},
  author  = {David Gale and Marilda Sotomayor},
  year    = 1985,
  journal = {Discrete Applied Mathematics},
  volume  = 11,
  number  = 3,
  pages   = {223--232},
  doi     = {10.1016/0166-218X(85)90074-5},
  issn    = {0166-218X}
}

@inproceedings{gokhale2024capacity,
  title     = {Capacity Modification in the Stable Matching Problem},
  author    = {Salil Gokhale and Samarth Singla and Shivika Narang and Rohit Vaish},
  year      = 2024,
  booktitle = {Proceedings of the 23rd International Conference on Autonomous Agents and Multiagent Systems},
  publisher = {International Foundation for Autonomous Agents and Multiagent Systems},
  address   = {Richland, SC},
  series    = {AAMAS '24},
  pages     = {697--705},
  doi       = {10.48550/arXiv.2402.04645},
  isbn      = 9798400704864,
  numpages  = 9
}

@book{gusfield1989stable,
  title     = {The Stable Marriage Problem: Structure and Algorithms},
  author    = {Dan Gusfield and Robert W Irving},
  year      = 1989,
  publisher = {The MIT Press},
  address   = {Cambridge, MA, USA},
  isbn      = 9780262515528,
  url       = {https://mitpress.mit.edu/9780262515528/the-stable-marriage-problem/}
}

@techreport{kominers2020respect,
  title       = {Respect for Improvements and Comparative Statics in Matching Markets},
  author      = {Scott Duke Kominers},
  year        = 2020,
  url         = {http://www.scottkom.com/articles/Kominers_Comparative_Statics.pdf},
  institution = {Harvard University}
}

@article{konishi2006games,
  title     = {Games of capacity manipulation in hospital-intern markets},
  author    = {Hideo Konishi and M. Utku Ünver},
  year      = 2006,
  journal   = {Social Choice and Welfare},
  publisher = {Springer},
  volume    = 27,
  number    = 1,
  pages     = {3--24},
  doi       = {10.1007/s00355-006-0097-z},
  issn      = {01761714, 1432217X}
}

@article{roth1984evolution,
  title   = {The Evolution of the Labor Market for Medical Interns and Residents: A Case Study in Game Theory},
  author  = {Alvin E. Roth},
  year    = 1984,
  journal = {Journal of Political Economy},
  volume  = 92,
  number  = 6,
  pages   = {991--1016},
  doi     = {10.1086/261272}
}

@article{roth1986allocation,
  title     = {On the Allocation of Residents to Rural Hospitals: A General Property of Two-Sided Match ing Markets},
  author    = {Alvin E. Roth},
  year      = 1986,
  journal   = {Econometrica},
  publisher = {[Wiley, Econometric Society]},
  volume    = 54,
  number    = 2,
  pages     = {425--427},
  doi       = {10.2307/1913160},
  issn      = {00129682, 14680262}
}

@book{roth1990two,
  title      = {Two-Sided Matching: A Study in Game-Theoretic Modeling and Analysis},
  author     = {Alvin E. Roth and Marilda A. Oliveira Sotomayor},
  year       = 1990,
  publisher  = {Cambridge University Press},
  series     = {Econometric Society Monographs},
  doi        = {10.1017/CCOL052139015X},
  place      = {Cambridge},
  collection = {Econo metric Society Monographs}
}

@article{sonmez1997manipulation,
  title   = {Manipulation via Capacities in Two-Sided Matching Markets},
  author  = {Tayfun Sönmez},
  year    = 1997,
  journal = {Journal of Economic Theory},
  volume  = 77,
  number  = 1,
  pages   = {197--204},
  doi     = {10.1006/jeth.1997.2316},
  issn    = {0022-0531}
}
